<?xml version="1.0" encoding="UTF-8"?><collection xmlns="http://www.loc.gov/MARC21/slim"><record><leader>00360nam--2200133-i-4500</leader><controlfield tag="001">000020263</controlfield><controlfield tag="002">20161230</controlfield><controlfield tag="005">20161230201033</controlfield><controlfield tag="008">060222s1000------------r-----000-0-eng-d</controlfield><datafield ind1=" " ind2=" " tag="080"><subfield code="a">581.1</subfield></datafield><datafield ind1=" " ind2=" " tag="100"><subfield code="a">Du Sablon, Leclerc</subfield></datafield><datafield ind1=" " ind2=" " tag="245"><subfield code="a">Traite de physiologie vegetale et agricole</subfield></datafield><datafield ind1=" " ind2=" " tag="260"><subfield code="a">Paris, Librairie J.B.Bailliere Et Fils, 1911 Vii + 610 P</subfield></datafield><datafield ind1=" " ind2=" " tag="852"><subfield code="a">76453</subfield></datafield></record></collection>